@ARTICLE{Poeetal1999,
  author = {Steven Poe and C. Neal Tate and Linda Camp Keith},
  title = {Repression of the Human Right to Personal Integrity Revisited: A
	Global, Cross-National Study Covering the Years 1976-1993},
  journal = {International Studies Quarterly},
  year = {1999},
  volume = {43},
  pages = {291-313}
}
